
@book{marmier1970physics,
  title={Physics of nuclei and particles},
  author={Marmier, P. and Sheldon, E.},
  number={v. 2},
  lccn={68014644},
  series={Physics of Nuclei and Particles},
  url={https://books.google.com.ec/books?id=4xtRAAAAMAAJ},
  year={1970},
  publisher={Academic Press}
}
